<?xml version="1.0" encoding="UTF-8"?><record xmlns="http://www.loc.gov/MARC21/slim" xmlns:cinclude="http://apache.org/cocoon/include/1.0" xmlns:zs="http://www.loc.gov/zing/srw/">
  <leader>00391nz  a2200133n  4500</leader>
  <controlfield tag="001">n  94076977 </controlfield>
  <controlfield tag="003">DLC</controlfield>
  <controlfield tag="005">19940811163432.2</controlfield>
  <controlfield tag="008">940811n| acannaab|          |n aaa ||| c</controlfield>
  <datafield tag="010" ind1=" " ind2=" ">
    <subfield code="a">n  94076977 </subfield>
  </datafield>
  <datafield tag="040" ind1=" " ind2=" ">
    <subfield code="a">CU</subfield>
    <subfield code="c">CU</subfield>
  </datafield>
  <datafield tag="100" ind1="1" ind2="0">
    <subfield code="a">Halaga, Ondrej R.</subfield>
  </datafield>
  <datafield tag="670" ind1=" " ind2=" ">
    <subfield code="a">Acta iudiciaria civitatis Cassoviensis ... 1994:</subfield>
    <subfield code="b">t.p. (Ondrej R. Halaga)</subfield>
  </datafield>
  <datafield tag="670" ind1=" " ind2=" ">
    <subfield code="a">LC data base, 08-11-94</subfield>
    <subfield code="b">(hdg.: Halaga, Ondrej R.)</subfield>
  </datafield>
</record>